<?xml version="1.0" encoding="UTF-8"?>
<record>
  <leader>02579cam#a22005412c#4500</leader>
  <controlfield tag="003">DE-605</controlfield>
  <controlfield tag="005">20250813004252.0</controlfield>
  <controlfield tag="007">cr</controlfield>
  <controlfield tag="008">240228t2022||||xx#|||||o|||||||||||ger|c</controlfield>
  <controlfield tag="001">99375631628906441</controlfield>
  <datafield tag="035" ind1=" " ind2=" ">
    <subfield code="a">(DE-605)HT031115954</subfield>
  </datafield>
  <datafield tag="040" ind1=" " ind2=" ">
    <subfield code="a">DE-605</subfield>
    <subfield code="b">ger</subfield>
    <subfield code="c">DE-605</subfield>
    <subfield code="d">DE-605</subfield>
  </datafield>
  <datafield tag="041" ind1=" " ind2=" ">
    <subfield code="a">ger</subfield>
  </datafield>
  <datafield tag="110" ind1="2" ind2=" ">
    <subfield code="a">Universität Osnabrück Qualität Plus-Projekt yUOShi</subfield>
    <subfield code="4">aut</subfield>
  </datafield>
  <datafield tag="245" ind1="1" ind2="0">
    <subfield code="a">Lerntext und Aufgabe zum Thema Lernen: Lernen - Begriffsdefinition</subfield>
  </datafield>
  <datafield tag="264" ind1=" " ind2="0">
    <subfield code="c">2022</subfield>
  </datafield>
  <datafield tag="300" ind1=" " ind2=" ">
    <subfield code="a">1 Online-Ressource</subfield>
  </datafield>
  <datafield tag="336" ind1=" " ind2=" ">
    <subfield code="b">txt</subfield>
  </datafield>
  <datafield tag="337" ind1=" " ind2=" ">
    <subfield code="b">c</subfield>
  </datafield>
  <datafield tag="338" ind1=" " ind2=" ">
    <subfield code="b">cr</subfield>
  </datafield>
  <datafield tag="380" ind1=" " ind2=" ">
    <subfield code="a">Open educational resources</subfield>
    <subfield code="2">lcsh</subfield>
  </datafield>
  <datafield tag="035" ind1=" " ind2=" ">
    <subfield code="a">(hbzERes_oersi)oersi:aHR0cHM6Ly93d3cudHdpbGxvLmRlL2VkdS1zaGFyaW5nL2NvbXBvbmVudHMvcmVuZGVyLzExODk3OGZhLTM4YjktNGJmNy05Y2IxLTZkM2Q3YzM4ZmNhNA==</subfield>
  </datafield>
  <datafield tag="035" ind1=" " ind2=" ">
    <subfield code="a">(DE-599)HBZHT031115954</subfield>
  </datafield>
  <datafield tag="962" ind1=" " ind2=" ">
    <subfield code="e">ZDB-OERSI</subfield>
  </datafield>
  <datafield tag="912" ind1=" " ind2=" ">
    <subfield code="a">ZDB-OERSI</subfield>
  </datafield>
  <datafield tag="856" ind1="4" ind2="0">
    <subfield code="u">https://oersi.org/resources/aHR0cHM6Ly93d3cudHdpbGxvLmRlL2VkdS1zaGFyaW5nL2NvbXBvbmVudHMvcmVuZGVyLzExODk3OGZhLTM4YjktNGJmNy05Y2IxLTZkM2Q3YzM4ZmNhNA==</subfield>
    <subfield code="x">Aggregator</subfield>
    <subfield code="z">kostenfrei</subfield>
  </datafield>
  <datafield tag="856" ind1="4" ind2="0">
    <subfield code="u">https://www.twillo.de/edu-sharing/components/render/118978fa-38b9-4bf7-9cb1-6d3d7c38fca4</subfield>
    <subfield code="r">https://creativecommons.org/licenses/by/4.0</subfield>
    <subfield code="z">kostenfrei</subfield>
    <subfield code="7">0</subfield>
  </datafield>
  <datafield tag="650" ind1=" " ind2="4">
    <subfield code="a">Berufs- und Wirtschaftspädagogik</subfield>
    <subfield code="0">https://w3id.org/kim/hochschulfaechersystematik/n270</subfield>
  </datafield>
  <datafield tag="650" ind1=" " ind2="4">
    <subfield code="a">Psychologie</subfield>
    <subfield code="0">https://w3id.org/kim/hochschulfaechersystematik/n132</subfield>
  </datafield>
  <datafield tag="650" ind1=" " ind2="4">
    <subfield code="a">Erziehungswissenschaft (Pädagogik)</subfield>
    <subfield code="0">https://w3id.org/kim/hochschulfaechersystematik/n052</subfield>
  </datafield>
  <datafield tag="650" ind1=" " ind2="4">
    <subfield code="a">Erziehungswissenschaften</subfield>
    <subfield code="0">https://w3id.org/kim/hochschulfaechersystematik/n33</subfield>
  </datafield>
  <datafield tag="650" ind1=" " ind2="4">
    <subfield code="a">Schulpädagogik</subfield>
    <subfield code="0">https://w3id.org/kim/hochschulfaechersystematik/n361</subfield>
  </datafield>
  <datafield tag="650" ind1=" " ind2="4">
    <subfield code="a">Rechts-, Wirtschafts- und Sozialwissenschaften</subfield>
    <subfield code="0">https://w3id.org/kim/hochschulfaechersystematik/n3</subfield>
  </datafield>
  <datafield tag="650" ind1=" " ind2="4">
    <subfield code="a">Psychologie</subfield>
    <subfield code="0">https://w3id.org/kim/hochschulfaechersystematik/n32</subfield>
  </datafield>
  <datafield tag="653" ind1=" " ind2=" ">
    <subfield code="a">Pädagogik</subfield>
  </datafield>
  <datafield tag="653" ind1=" " ind2=" ">
    <subfield code="a">Berufspädagogik</subfield>
  </datafield>
  <datafield tag="653" ind1=" " ind2=" ">
    <subfield code="a">Qualität Plus</subfield>
  </datafield>
  <datafield tag="653" ind1=" " ind2=" ">
    <subfield code="a">yUOShi</subfield>
  </datafield>
  <datafield tag="653" ind1=" " ind2=" ">
    <subfield code="a">Lernen</subfield>
  </datafield>
  <datafield tag="653" ind1=" " ind2=" ">
    <subfield code="a">Pädagogische Psychologie</subfield>
  </datafield>
  <datafield tag="653" ind1=" " ind2="6">
    <subfield code="a">OER</subfield>
  </datafield>
  <datafield tag="655" ind1=" " ind2="4">
    <subfield code="a">Textdokument</subfield>
  </datafield>
  <datafield tag="655" ind1=" " ind2="4">
    <subfield code="a">Lernspiel</subfield>
  </datafield>
  <datafield tag="655" ind1=" " ind2="0">
    <subfield code="a">Open educational resources</subfield>
  </datafield>
  <datafield tag="506" ind1=" " ind2=" ">
    <subfield code="f">no login required</subfield>
    <subfield code="f">keine Anmeldung erforderlich</subfield>
    <subfield code="u">http://w3id.org/kim/conditionsOfAccess/no_login</subfield>
  </datafield>
  <datafield tag="506" ind1="0" ind2=" ">
    <subfield code="a">Open Access</subfield>
    <subfield code="f">unrestricted online access</subfield>
    <subfield code="u">http://purl.org/coar/access_right/c_abf2</subfield>
    <subfield code="2">coarar</subfield>
  </datafield>
  <datafield tag="520" ind1="2" ind2=" ">
    <subfield code="a">Grundlagentexte und -aufgaben zum Thema Lernen. Die Texte können einzeln oder aufeinander aufbauend verwendet werden</subfield>
  </datafield>
  <datafield tag="540" ind1=" " ind2=" ">
    <subfield code="u">https://creativecommons.org/licenses/by/4.0</subfield>
  </datafield>
  <datafield tag="MBD" ind1=" " ind2=" ">
    <subfield code="M">49HBZ_NETWORK</subfield>
    <subfield code="i">99375631628906441</subfield>
    <subfield code="n">HBZ Network</subfield>
  </datafield>
  <datafield tag="MNG" ind1=" " ind2=" ">
    <subfield code="c">System</subfield>
    <subfield code="f">HBZ</subfield>
    <subfield code="i">marc21</subfield>
    <subfield code="h">20250813004252.0</subfield>
    <subfield code="l">62</subfield>
    <subfield code="k">01</subfield>
    <subfield code="e">false</subfield>
    <subfield code="d">2025-08-13 00:42:55 Europe/Berlin</subfield>
    <subfield code="g">99375631628906441</subfield>
    <subfield code="j">60</subfield>
    <subfield code="a">System</subfield>
    <subfield code="b">2025-05-26 17:56:55 Europe/Berlin</subfield>
  </datafield>
  <datafield tag="POR" ind1=" " ind2=" ">
    <subfield code="j">Oersi</subfield>
    <subfield code="x">System</subfield>
    <subfield code="a">53921005040006441</subfield>
    <subfield code="M">49HBZ_NETWORK</subfield>
    <subfield code="p">61908993950006441</subfield>
    <subfield code="q">OERSI (ZDB-OERSI)</subfield>
    <subfield code="c">static</subfield>
    <subfield code="B">Produktsigel: ZDB-OERSI
E-Book-Verfahren: oersi </subfield>
    <subfield code="A">49HBZ_UBD</subfield>
    <subfield code="A">49HBZ_UDE</subfield>
    <subfield code="A">49HBZ_HBO</subfield>
    <subfield code="A">49HBZ_UBO</subfield>
    <subfield code="A">49HBZ_BRS</subfield>
    <subfield code="A">49HBZ_FUH</subfield>
    <subfield code="A">49HBZ_HSD</subfield>
    <subfield code="A">49HBZ_ULM</subfield>
    <subfield code="A">49HBZ_HSN</subfield>
    <subfield code="A">49HBZ_FHA</subfield>
    <subfield code="A">49HBZ_HST</subfield>
    <subfield code="A">49HBZ_UBT</subfield>
    <subfield code="A">49HBZ_FSW</subfield>
    <subfield code="A">49HBZ_HBI</subfield>
    <subfield code="A">49HBZ_OWL</subfield>
    <subfield code="A">49HBZ_BIE</subfield>
    <subfield code="A">49HBZ_PAD</subfield>
    <subfield code="A">49HBZ_ULB</subfield>
    <subfield code="y">2025-05-26 19:38:28 Europe/Berlin</subfield>
    <subfield code="w">2025-05-26 19:38:21 Europe/Berlin</subfield>
    <subfield code="D">https://eu04.alma.exlibrisgroup.com/view/uresolver/49HBZ_NETWORK/openurl?u.ignore_date_coverage=true&amp;portfolio_pid=53921005040006441&amp;Force_direct=true</subfield>
    <subfield code="v">System</subfield>
    <subfield code="z">2025-05-26 17:38:21</subfield>
    <subfield code="i">false</subfield>
    <subfield code="S">62908993940006441</subfield>
    <subfield code="d">https://hbz-network.userservices.exlibrisgroup.com/view/uresolver/49HBZ_NETWORK/openurl?u.ignore_date_coverage=true&amp;rft.mms_id=99375631628906441</subfield>
    <subfield code="b">Available</subfield>
    <subfield code="f">BOOK</subfield>
    <subfield code="e">https://oersi.org/resources/aHR0cHM6Ly93d3cudHdpbGxvLmRlL2VkdS1zaGFyaW5nL2NvbXBvbmVudHMvcmVuZGVyLzExODk3OGZhLTM4YjktNGJmNy05Y2IxLTZkM2Q3YzM4ZmNhNA==</subfield>
    <subfield code="8">53921005040006441</subfield>
  </datafield>
</record>
